@article{DBLP:journals/corr/VaswaniSPUJGKP17,
  author    = {Ashish Vaswani and
               Noam Shazeer and
               Niki Parmar and
               Jakob Uszkoreit and
               Llion Jones and
               Aidan N. Gomez and
               Lukasz Kaiser and
               Illia Polosukhin},
  title     = {Attention Is All You Need},
  journal   = {CoRR},
  volume    = {abs/1706.03762},
  year      = {2017},
  url       = {http://arxiv.org/abs/1706.03762},
  archivePrefix = {arXiv},
  eprint    = {1706.03762},
  timestamp = {Sat, 23 Jan 2021 01:20:40 +0100},
  biburl    = {https://dblp.org/rec/journals/corr/VaswaniSPUJGKP17.bib},
  bibsource = {dblp computer science bibliography, https://dblp.org}
}

@article{DBLP:journals/corr/abs-2004-06165,
  author    = {Xiujun Li and
               Xi Yin and
               Chunyuan Li and
               Pengchuan Zhang and
               Xiaowei Hu and
               Lei Zhang and
               Lijuan Wang and
               Houdong Hu and
               Li Dong and
               Furu Wei and
               Yejin Choi and
               Jianfeng Gao},
  title     = {Oscar: Object-Semantics Aligned Pre-training for Vision-Language Tasks},
  journal   = {CoRR},
  volume    = {abs/2004.06165},
  year      = {2020},
  url       = {https://arxiv.org/abs/2004.06165},
  archivePrefix = {arXiv},
  eprint    = {2004.06165},
  timestamp = {Thu, 23 Apr 2020 13:59:01 +0200},
  biburl    = {https://dblp.org/rec/journals/corr/abs-2004-06165.bib},
  bibsource = {dblp computer science bibliography, https://dblp.org}
}

@article{DBLP:journals/corr/abs-2004-12070,
  author    = {Zhou Yu and
               Yuhao Cui and
               Jun Yu and
               Meng Wang and
               Dacheng Tao and
               Qi Tian},
  title     = {Deep Multimodal Neural Architecture Search},
  journal   = {CoRR},
  volume    = {abs/2004.12070},
  year      = {2020},
  url       = {https://arxiv.org/abs/2004.12070},
  archivePrefix = {arXiv},
  eprint    = {2004.12070},
  timestamp = {Tue, 28 Apr 2020 16:10:02 +0200},
  biburl    = {https://dblp.org/rec/journals/corr/abs-2004-12070.bib},
  bibsource = {dblp computer science bibliography, https://dblp.org}
}

@article{DBLP:journals/corr/abs-1906-10770,
  author    = {Zhou Yu and
               Jun Yu and
               Yuhao Cui and
               Dacheng Tao and
               Qi Tian},
  title     = {Deep Modular Co-Attention Networks for Visual Question Answering},
  journal   = {CoRR},
  volume    = {abs/1906.10770},
  year      = {2019},
  url       = {http://arxiv.org/abs/1906.10770},
  archivePrefix = {arXiv},
  eprint    = {1906.10770},
  timestamp = {Thu, 03 Oct 2019 13:37:27 +0200},
  biburl    = {https://dblp.org/rec/journals/corr/abs-1906-10770.bib},
  bibsource = {dblp computer science bibliography, https://dblp.org}
}

@article{DBLP:journals/corr/abs-2101-11562,
  author    = {Yehao Li and
               Yingwei Pan and
               Ting Yao and
               Jingwen Chen and
               Tao Mei},
  title     = {Scheduled Sampling in Vision-Language Pretraining with Decoupled Encoder-Decoder
               Network},
  journal   = {CoRR},
  volume    = {abs/2101.11562},
  year      = {2021},
  url       = {https://arxiv.org/abs/2101.11562},
  archivePrefix = {arXiv},
  eprint    = {2101.11562},
  timestamp = {Sun, 31 Jan 2021 17:23:50 +0100},
  biburl    = {https://dblp.org/rec/journals/corr/abs-2101-11562.bib},
  bibsource = {dblp computer science bibliography, https://dblp.org}
}

@article{DBLP:journals/corr/RenHG015,
  author    = {Shaoqing Ren and
               Kaiming He and
               Ross B. Girshick and
               Jian Sun},
  title     = {Faster {R-CNN:} Towards Real-Time Object Detection with Region Proposal
               Networks},
  journal   = {CoRR},
  volume    = {abs/1506.01497},
  year      = {2015},
  url       = {http://arxiv.org/abs/1506.01497},
  archivePrefix = {arXiv},
  eprint    = {1506.01497},
  timestamp = {Mon, 13 Aug 2018 16:46:02 +0200},
  biburl    = {https://dblp.org/rec/journals/corr/RenHG015.bib},
  bibsource = {dblp computer science bibliography, https://dblp.org}
}

@article{DBLP:journals/corr/HowardZCKWWAA17,
  author    = {Andrew G. Howard and
               Menglong Zhu and
               Bo Chen and
               Dmitry Kalenichenko and
               Weijun Wang and
               Tobias Weyand and
               Marco Andreetto and
               Hartwig Adam},
  title     = {MobileNets: Efficient Convolutional Neural Networks for Mobile Vision
               Applications},
  journal   = {CoRR},
  volume    = {abs/1704.04861},
  year      = {2017},
  url       = {http://arxiv.org/abs/1704.04861},
  archivePrefix = {arXiv},
  eprint    = {1704.04861},
  timestamp = {Mon, 13 Aug 2018 16:46:35 +0200},
  biburl    = {https://dblp.org/rec/journals/corr/HowardZCKWWAA17.bib},
  bibsource = {dblp computer science bibliography, https://dblp.org}
}

@article{DBLP:journals/corr/ZophL16,
  author    = {Barret Zoph and
               Quoc V. Le},
  title     = {Neural Architecture Search with Reinforcement Learning},
  journal   = {CoRR},
  volume    = {abs/1611.01578},
  year      = {2016},
  url       = {http://arxiv.org/abs/1611.01578},
  archivePrefix = {arXiv},
  eprint    = {1611.01578},
  timestamp = {Mon, 13 Aug 2018 16:46:24 +0200},
  biburl    = {https://dblp.org/rec/journals/corr/ZophL16.bib},
  bibsource = {dblp computer science bibliography, https://dblp.org}
}

@article{DBLP:journals/corr/abs-1712-00559,
  author    = {Chenxi Liu and
               Barret Zoph and
               Jonathon Shlens and
               Wei Hua and
               Li{-}Jia Li and
               Li Fei{-}Fei and
               Alan L. Yuille and
               Jonathan Huang and
               Kevin Murphy},
  title     = {Progressive Neural Architecture Search},
  journal   = {CoRR},
  volume    = {abs/1712.00559},
  year      = {2017},
  url       = {http://arxiv.org/abs/1712.00559},
  archivePrefix = {arXiv},
  eprint    = {1712.00559},
  timestamp = {Mon, 22 Jul 2019 14:55:29 +0200},
  biburl    = {https://dblp.org/rec/journals/corr/abs-1712-00559.bib},
  bibsource = {dblp computer science bibliography, https://dblp.org}
}

@article{DBLP:journals/corr/abs-1808-05584,
  author    = {Zhao Zhong and
               Zichen Yang and
               Boyang Deng and
               Junjie Yan and
               Wei Wu and
               Jing Shao and
               Cheng{-}Lin Liu},
  title     = {BlockQNN: Efficient Block-wise Neural Network Architecture Generation},
  journal   = {CoRR},
  volume    = {abs/1808.05584},
  year      = {2018},
  url       = {http://arxiv.org/abs/1808.05584},
  archivePrefix = {arXiv},
  eprint    = {1808.05584},
  timestamp = {Thu, 04 Feb 2021 16:56:43 +0100},
  biburl    = {https://dblp.org/rec/journals/corr/abs-1808-05584.bib},
  bibsource = {dblp computer science bibliography, https://dblp.org}
}